<?xml version="1.0" encoding="UTF-8"?>
<marc:record xmlns:marc="http://www.loc.gov/MARC21/slim">
<marc:leader>00683cas a2200181   4500</marc:leader>
<marc:controlfield tag="001">247564</marc:controlfield>

<marc:controlfield tag="008">920706s1841                        fre  </marc:controlfield>

<marc:datafield tag="035" ind1=" " ind2=" ">
<marc:subfield code="a">(Sirsi) 247564</marc:subfield>
</marc:datafield>

<marc:datafield tag="100" ind1="1" ind2=" ">
<marc:subfield code="a">Vaucher, Jean Pierre Etienne.</marc:subfield>
</marc:datafield>

<marc:datafield tag="245" ind1="1" ind2="0">
<marc:subfield code="a">Histoire physiologique des Plantes d'Europe, ou exposition des phénomènes qu'elles presentent dans les diverses periodes de leur développement. </marc:subfield>
</marc:datafield>

<marc:datafield tag="248" ind1="1" ind2="0">
<marc:subfield code="g">Tom.1</marc:subfield>
<marc:subfield code="h"> </marc:subfield>
</marc:datafield>

<marc:datafield tag="260" ind1=" " ind2=" ">
<marc:subfield code="a">Paris,</marc:subfield>
<marc:subfield code="b">Aurel Freres;</marc:subfield>
<marc:subfield code="c">1841. </marc:subfield>
</marc:datafield>

<marc:datafield tag="300" ind1=" " ind2=" ">
<marc:subfield code="a">4</marc:subfield>
<marc:subfield code="f">v.</marc:subfield>
<marc:subfield code="p">8</marc:subfield>
</marc:datafield>

<marc:datafield tag="592" ind1=" " ind2=" ">
<marc:subfield code="a">Scanned for Darwin's Library and BHL</marc:subfield>
</marc:datafield>

<marc:datafield tag="596" ind1=" " ind2=" ">
<marc:subfield code="a">1</marc:subfield>
</marc:datafield>

<marc:controlfield tag="001">Catkey 153543</marc:controlfield>

<marc:datafield tag="590" ind1="1" ind2=" ">
<marc:subfield code="a">Itemid 364626</marc:subfield>
</marc:datafield>

<marc:datafield tag="999" ind1=" " ind2=" ">
<marc:subfield code="a">EURO HERBARIUM 581.9(4) VAU</marc:subfield>
<marc:subfield code="w">UDC</marc:subfield>
<marc:subfield code="c">1</marc:subfield>
<marc:subfield code="i">364626</marc:subfield>
<marc:subfield code="d">27/3/1998</marc:subfield>
<marc:subfield code="l">SHELVES</marc:subfield>
<marc:subfield code="m">BOTANY</marc:subfield>
<marc:subfield code="r">Y</marc:subfield>
<marc:subfield code="s">Y</marc:subfield>
<marc:subfield code="t">BOOK</marc:subfield>
<marc:subfield code="u">27/3/1998</marc:subfield>
<marc:subfield code="x">EURO-HERB</marc:subfield>
</marc:datafield>

</marc:record>

